<?xml version="1.0" encoding="UTF-8"?><collection xmlns="http://www.loc.gov/MARC21/slim"><record><leader>00384nam--2200121-i-4500</leader><controlfield tag="001">000042033</controlfield><controlfield tag="002">20161230</controlfield><controlfield tag="005">20161230201043</controlfield><controlfield tag="008">060222s1000------------r-----000-0-eng-d</controlfield><datafield ind1=" " ind2=" " tag="100"><subfield code="a">S Nell,F.D. And Snell,C.T</subfield></datafield><datafield ind1=" " ind2=" " tag="245"><subfield code="a">Colorimetric methods of analysis. including some turbidimetric and nephelometric metheods</subfield></datafield><datafield ind1=" " ind2=" " tag="260"><subfield code="a">Princeton, N.J.,D.Van Nostrand Co.Inc.,1957-1959</subfield></datafield><datafield ind1=" " ind2=" " tag="852"><subfield code="a">14283</subfield></datafield></record></collection>